<?xml version="1.0" encoding="UTF-8"?><record xmlns="http://www.loc.gov/MARC21/slim" xmlns:cinclude="http://apache.org/cocoon/include/1.0" xmlns:zs="http://www.loc.gov/zing/srw/">
  <leader>00630cz  a2200145n  4500</leader>
  <controlfield tag="001">nr 94026966 </controlfield>
  <controlfield tag="003">DLC</controlfield>
  <controlfield tag="005">20000929221006.0</controlfield>
  <controlfield tag="008">940815nc acannaabn          |a aaa     c</controlfield>
  <datafield tag="010" ind1=" " ind2=" ">
    <subfield code="a">nr 94026966 </subfield>
  </datafield>
  <datafield tag="035" ind1=" " ind2=" ">
    <subfield code="a">(OCoLC)oca03665785</subfield>
  </datafield>
  <datafield tag="040" ind1=" " ind2=" ">
    <subfield code="a">NjP</subfield>
    <subfield code="b">eng</subfield>
    <subfield code="c">NjP</subfield>
    <subfield code="d">OCoLC</subfield>
  </datafield>
  <datafield tag="100" ind1="1" ind2=" ">
    <subfield code="a">Chen, Quan'gui,</subfield>
    <subfield code="d">1963-</subfield>
  </datafield>
  <datafield tag="400" ind1="1" ind2=" ">
    <subfield code="w">nne</subfield>
    <subfield code="a">Chʻen, Chʻüan-kuei,</subfield>
    <subfield code="d">1963-</subfield>
  </datafield>
  <datafield tag="670" ind1=" " ind2=" ">
    <subfield code="a">Chung-kuo ku pʻiao chiao i chi chʻiao, 1992:</subfield>
    <subfield code="b">t.p. (Chʻen Chʻüan-kuei) cover flap (b. 1963; native of Hupeh Prov.; B.A., Chung nan tsʻai ching ta hsüeh; M.A., Chi nan ta hsüeh; teaches at Kuang-chou tui wai mao i hsüeh yüan kuo chi chin jung chiao yen shih)</subfield>
  </datafield>
</record>